@INPROCEEDINGS{7780459,  author={K. {He} and X. {Zhang} and S. {Ren} and J. {Sun}},  booktitle={2016 IEEE Conference on Computer Vision and Pattern Recognition (CVPR)},   title={Deep Residual Learning for Image Recognition},   year={2016},  volume={},  number={},  pages={770-778},}

@incollection{NIPS2012_4824,
title = {ImageNet Classification with Deep Convolutional Neural Networks},
author = {Alex Krizhevsky and Sutskever, Ilya and Hinton, Geoffrey E},
booktitle = {Advances in Neural Information Processing Systems 25},
editor = {F. Pereira and C. J. C. Burges and L. Bottou and K. Q. Weinberger},
pages = {1097--1105},
year = {2012},
publisher = {Curran Associates, Inc.},
url = {http://papers.nips.cc/paper/4824-imagenet-classification-with-deep-convolutional-neural-networks.pdf}
}

@misc{i2014densenet,
    title={DenseNet: Implementing Efficient ConvNet Descriptor Pyramids},
    author={Forrest Iandola and Matt Moskewicz and Sergey Karayev and Ross Girshick and Trevor Darrell and Kurt Keutzer},
    year={2014},
    eprint={1404.1869},
    archivePrefix={arXiv},
    primaryClass={cs.CV}
}

@misc{simonyan2014deep,
    title={Very Deep Convolutional Networks for Large-Scale Image Recognition},
    author={Karen Simonyan and Andrew Zisserman},
    year={2014},
    eprint={1409.1556},
    archivePrefix={arXiv},
    primaryClass={cs.CV}
}

@article{Sandler_2018,
   title={MobileNetV2: Inverted Residuals and Linear Bottlenecks},
   ISBN={9781538664209},
   url={http://dx.doi.org/10.1109/CVPR.2018.00474},
   DOI={10.1109/cvpr.2018.00474},
   journal={2018 IEEE/CVF Conference on Computer Vision and Pattern Recognition},
   publisher={IEEE},
   author={Sandler, Mark and Howard, Andrew and Zhu, Menglong and Zhmoginov, Andrey and Chen, Liang-Chieh},
   year={2018},
   month={Jun}
}
